@article{Dittmaier:2012vm,
    author = "Dittmaier, S. and others",
    title = "{Handbook of LHC Higgs Cross Sections: 2. Differential Distributions}",
    eprint = "1201.3084",
    archivePrefix = "arXiv",
    primaryClass = "hep-ph",
    reportNumber = "CERN-2012-002",
    doi = "10.5170/CERN-2012-002",
    month = "1",
    year = "2012"
}
