@article{Pythia,
title = {An introduction to PYTHIA 8.2},
journal = {Computer Physics Communications},
volume = {191},
pages = {159-177},
year = {2015},
issn = {0010-4655},
doi = {https://doi.org/10.1016/j.cpc.2015.01.024},
url = {https://www.sciencedirect.com/science/article/pii/S0010465515000442},
author = {Torbjörn Sjöstrand and Stefan Ask and Jesper R. Christiansen and Richard Corke and Nishita Desai and Philip Ilten and Stephen Mrenna and Stefan Prestel and Christine O. Rasmussen and Peter Z. Skands},
keywords = {Event generators, Multiparticle production, Matrix elements, Parton showers, Matching and merging, Multiparton interactions, Hadronisation}
}